@article{williams1987melting,
  title={The melting curve of iron to 250 gigapascals: A constraint on the temperature at Earth's center},
  author={Williams, Quentin and Jeanloz, Raymond and Bass, Jay and Svendsen, Bob and Ahrens, Thomas J},
  journal={Science},
  volume={236},
  number={4798},
  pages={181--182},
  year={1987},
  publisher={American Association for the Advancement of Science}
}

@article{stixrude2014melting,
  title={Melting in super-earths},
  author={Stixrude, Lars},
  journal={Philosophical Transactions of the Royal Society A: Mathematical, Physical and Engineering Sciences},
  volume={372},
  number={2014},
  pages={20130076},
  year={2014},
  publisher={The Royal Society Publishing}
}


@article{morard2018solving,
  title={Solving controversies on the iron phase diagram under high pressure},
  author={Morard, Guillaume and Boccato, Silvia and Rosa, Angelika D and Anzellini, Simone and Miozzi, Francesca and Henry, Laura and Garbarino, Gaston and Mezouar, Mohamed and Harmand, Marion and Guyot, Fran{\c{c}}ois and others},
  journal={Geophysical Research Letters},
  volume={45},
  number={20},
  pages={11--074},
  year={2018},
  publisher={Wiley Online Library}
}

@article{anzellini2013melting,
  title={Melting of iron at Earth’s inner core boundary based on fast X-ray diffraction},
  author={Anzellini, S and Dewaele, A and Mezouar, M and Loubeyre, P and Morard, Guillaume},
  journal={Science},
  volume={340},
  number={6131},
  pages={464--466},
  year={2013},
  publisher={American Association for the Advancement of Science}
}

@article{morard2011melting,
  title={The melting curve of iron at extreme pressures: Implications for planetary cores},
  author={Morard, Guillaume and Bouchet, J and Valencia, D and Mazevet, S and Guyot, F},
  journal={High Energy Density Physics},
  volume={7},
  number={3},
  pages={141--144},
  year={2011},
  publisher={Elsevier}
}

@article{sterrett1965effect,
  title={Effect of pressure on the melting of iron},
  author={Sterrett, KF and Klement Jr, W and Kennedy, GC},
  journal={Journal of Geophysical Research},
  volume={70},
  number={8},
  pages={1979--1984},
  year={1965},
  publisher={Wiley Online Library}
}

@article{belonoshko1997embedded,
  title={Embedded-atom molecular dynamic study of iron melting},
  author={Belonoshko, AB and Ahuja, R},
  journal={Physics of the earth and planetary interiors},
  volume={102},
  number={3-4},
  pages={171--184},
  year={1997},
  publisher={Elsevier}
}

@article{nguyen2004melting,
  title={Melting of iron at the physical conditions of the Earth's core},
  author={Nguyen, Jeffrey H and Holmes, Neil C},
  journal={Nature},
  volume={427},
  number={6972},
  pages={339--342},
  year={2004},
  publisher={Nature Publishing Group}
}

@article{hirose2013composition,
  title={Composition and state of the core},
  author={Hirose, Kei and Labrosse, St{\'e}phane and Hernlund, John},
  journal={Annual Review of Earth and Planetary Sciences},
  volume={41},
  pages={657--691},
  year={2013},
  publisher={Annual Reviews}
}

@article{smith2018equation,
  title={Equation of state of iron under core conditions of large rocky exoplanets},
  author={Smith, Raymond F and Fratanduono, Dayne E and Braun, David G and Duffy, Thomas S and Wicks, June K and Celliers, Peter M and Ali, Suzanne J and Fernandez-Pa{\~n}ella, Amalia and Kraus, Richard G and Swift, Damian C and others},
  journal={Nature Astronomy},
  volume={2},
  number={6},
  pages={452--458},
  year={2018},
  publisher={Nature Publishing Group}
}

@article{sinmyo2019melting,
  title={Melting curve of iron to 290 GPa determined in a resistance-heated diamond-anvil cell},
  author={Sinmyo, Ryosuke and Hirose, Kei and Ohishi, Yasuo},
  journal={Earth and Planetary Science Letters},
  volume={510},
  pages={45--52},
  year={2019},
  publisher={Elsevier}
}

@article{morard2018liquid,
  title={Liquid properties in the Fe-FeS system under moderate pressure: Tool box to model small planetary cores},
  author={Morard, Guillaume and Bouchet, Johann and Rivoldini, Attilio and Antonangeli, Daniele and Roberge, Mathilde and Boulard, Eglantine and Denoeud, Adrien and Mezouar, Mohamed},
  journal={American Mineralogist: Journal of Earth and Planetary Materials},
  volume={103},
  number={11},
  pages={1770--1779},
  year={2018},
  publisher={Mineralogical Society of America}
}


@article{labrosse_thermal_2015,
  title={Thermal evolution of the core with a high thermal conductivity},
  author={Labrosse, St{\'e}phane},
  journal={Physics of the Earth and Planetary Interiors},
  volume={247},
  pages={36--55},
  year={2015},
  publisher={Elsevier}
}

@article{labrosse_thermal_2003,
  title={Thermal and magnetic evolution of the Earth’s core},
  author={Labrosse, St{\'e}phane},
  journal={Physics of the Earth and Planetary Interiors},
  volume={140},
  number={1-3},
  pages={127--143},
  year={2003},
  publisher={Elsevier}
}

@article{stevenson_magnetism_1983,
  title={Magnetism and thermal evolution of the terrestrial planets},
  author={Stevenson, David J and Spohn, Tilman and Schubert, Gerald},
  journal={Icarus},
  volume={54},
  number={3},
  pages={466--489},
  year={1983},
  publisher={Elsevier}
}

@article{valencia_internal_2006,
  title={Internal structure of massive terrestrial planets},
  author={Valencia, Diana and O'Connell, Richard J and Sasselov, Dimitar},
  journal={Icarus},
  volume={181},
  number={2},
  pages={545--554},
  year={2006},
  publisher={Elsevier}
}

@article{driscoll_optimal_2011,
  title={Optimal dynamos in the cores of terrestrial exoplanets: Magnetic field generation and detectability},
  author={Driscoll, Peter and Olson, Peter},
  journal={Icarus},
  volume={213},
  number={1},
  pages={12--23},
  year={2011},
  publisher={Elsevier}
}

@article{breuer_thermal_2010,
  title={Thermal evolution and magnetic field generation in terrestrial planets and satellites},
  author={Breuer, Doris and Labrosse, Stephane and Spohn, Tilman},
  journal={Space Science Reviews},
  volume={152},
  number={1-4},
  pages={449--500},
  year={2010},
  publisher={Springer}
}

@article{Nimmo2002,
  title={Why does Venus lack a magnetic field?},
  author={Nimmo, Francis},
  journal={Geology},
  volume={30},
  number={11}, 
  pages={987--990},
  year={2002},
  publisher={Geological Society of America}
}

@article{olson2006dipole,
  title={Dipole moment scaling for convection-driven planetary dynamos},
  author={Olson, Peter and Christensen, Ulrich R},
  journal={Earth and Planetary Science Letters},
  volume={250},
  number={3-4},
  pages={561--571},
  year={2006},
  publisher={Elsevier}
}

@article{KaWu93,
  title={Rheology of the upper mantle: A synthesis},
  author={Karato, Shun-ichiro and Wu, Patrick},
  journal={Science},
  volume={260},
  number={5109},
  pages={771--778},
  year={1993},
  publisher={American Association for the Advancement of Science}
}

@article{Tack13,
  title={Mantle dynamics in super-Earths: Post-perovskite rheology and self-regulation of viscosity},
  author={Tackley, Paul J and Ammann, Michael and Brodholt, John P and Dobson, David P and Valencia, Diana},
  journal={Icarus},
  volume={225},
  number={1},
  pages={50--61},
  year={2013},
  publisher={Elsevier}
}

@article{NOACK201740,
  title={Volcanism and outgassing of stagnant-lid planets: implications for the habitable zone},
  author={Noack, Lena and Rivoldini, Attilio and Van Hoolst, Tim},
  journal={Physics of the Earth and Planetary Interiors},
  volume={269},
  pages={40--57},
  year={2017},
  publisher={Elsevier}
}

@article{noacklasbleis_2020,
title = "Parameterisations of interior properties of rocky planets: Investigation of planets with Earth-like compositions but variable iron content",
journal = "Astronomy \& Astrophysics",
volume = "",
pages = "",
year = "2020",
issn = "",
doi = "",
url = "",
author = "L. Noack and M. Lasbleis",
abstract = ""
}

@article{soubiran_electrical_2018,
  title={Electrical conductivity and magnetic dynamos in magma oceans of Super-Earths},
  author={Soubiran, Fran{\c{c}}ois and Militzer, Burkhard},
  journal={Nature communications},
  volume={9},
  number={1},
  pages={1--7},
  year={2018},
  publisher={Nature Publishing Group}
}

@article{moore2013heat,
  title={Heat-pipe earth},
  author={Moore, William B and Webb, A Alexander G},
  journal={Nature},
  volume={501},
  number={7468},
  pages={501--505},
  year={2013},
  publisher={Nature Publishing Group}
}

@article{dorn_outgassing_2018,
  title={Outgassing on stagnant-lid super-Earths},
  author={Dorn, Caroline and Noack, Lena and Rozel, AB},
  journal={Astronomy \& Astrophysics},
  volume={614},
  pages={A18},
  year={2018},
  publisher={EDP Sciences}
}

@article{schubert_planetary_2011,
  title={Planetary magnetic fields: Observations and models},
  author={Schubert, Gerald and Soderlund, Krista M},
  journal={Physics of the Earth and Planetary Interiors},
  volume={187},
  number={3-4},
  pages={92--108},
  year={2011},
  publisher={Elsevier}
}

@article{konopliv_venusian_1996,
  title={Venusian k2 tidal Love number from Magellan and PVO tracking data},
  author={Konopliv, AS and Yoder, CF},
  journal={Geophysical research letters},
  volume={23},
  number={14},
  pages={1857--1860},
  year={1996},
  publisher={Wiley Online Library}
}

@article{seager_massradius_2007,
  title={Mass-radius relationships for solid exoplanets},
  author={Seager, Sara and Kuchner, M and Hier-Majumder, CA and Militzer, Burkhard},
  journal={The Astrophysical Journal},
  volume={669},
  number={2},
  pages={1279},
  year={2007},
  publisher={IOP Publishing}
}

@article{noack_plate_2014,
  title={Plate tectonics on rocky exoplanets: influence of initial conditions and mantle rheology},
  author={Noack, Lena and Breuer, Doris},
  journal={Planetary and Space Science},
  volume={98},
  pages={41--49},
  year={2014},
  publisher={Elsevier}
}

@article{spiegel_structure_2014,
  title={Structure of exoplanets},
  author={Spiegel, David S and Fortney, Jonathan J and Sotin, Christophe},
  journal={Proceedings of the National Academy of Sciences},
  volume={111},
  number={35},
  pages={12622--12627},
  year={2014},
  publisher={National Acad Sciences}
}

@article{baraffe2014planetary,
  title={Planetary internal structures},
  author={Baraffe, Isabelle and Chabrier, Gilles and Fortney, Jonathan and Sotin, Christophe},
  journal={arXiv preprint arXiv:1401.4738},
  year={2014}
}

@inproceedings{braginsky1963structure,
  title={Structure of the F layer and reasons for convection in the Earth's core},
  author={Braginsky, SI},
  booktitle={Soviet Phys. Dokl.},
  volume={149},
  pages={8--10},
  year={1963}
}

@article{buffett2003thermal,
  title={The thermal state of Earth's core},
  author={Buffett, Bruce A},
  journal={Science},
  volume={299},
  number={5613},
  pages={1675--1677},
  year={2003},
  publisher={American Association for the Advancement of Science}
}

@article{howe2014mass,
  title={Mass-radius relations and core-envelope decompositions of super-Earths and sub-Neptunes},
  author={Howe, Alex R and Burrows, Adam and Verne, Wesley},
  journal={The Astrophysical Journal},
  volume={787},
  number={2},
  pages={173},
  year={2014},
  publisher={IOP Publishing}
}

@article{rogers2010framework,
  title={A framework for quantifying the degeneracies of exoplanet interior compositions},
  author={Rogers, LA and Seager, S},
  journal={The Astrophysical Journal},
  volume={712},
  number={2},
  pages={974},
  year={2010},
  publisher={IOP Publishing}
}

@article{zhang2016weak,
  title={Weak, quiet magnetic fields seen in the Venus atmosphere},
  author={Zhang, TL and Baumjohann, Wolfgang and Russell, CT and Luhmann, JG and Xiao, SD},
  journal={Scientific reports},
  volume={6},
  pages={23537},
  year={2016},
  publisher={Nature Publishing Group}
}

@article{dehant2007planetary,
  title={Planetary magnetic dynamo effect on atmospheric protection of early Earth and Mars},
  author={Dehant, V{\'e}ronique and Lammer, H and Kulikov, Yu N and Grie{\ss}meier, J-M and Breuer, D and Verhoeven, O and Karatekin, {\"O} and Van Hoolst, Tim and Korablev, O and Lognonn{\'e}, P},
  journal={Space Science Reviews},
  volume={129},
  number={1-3},
  pages={279--300},
  year={2007},
  publisher={Springer}
}

@article{lammer2018origin,
  title={Origin and evolution of the atmospheres of early Venus, Earth and Mars},
  author={Lammer, Helmut and Zerkle, Aubrey L and Gebauer, Stefanie and Tosi, Nicola and Noack, Lena and Scherf, Manuel and Pilat-Lohinger, Elke and G{\"u}del, Manuel and Grenfell, John Lee and Godolt, Mareike and others},
  journal={The Astronomy and Astrophysics Review},
  volume={26},
  number={1},
  pages={2},
  year={2018},
  publisher={Springer}
}

@article{Dumoulin2017,
  title={Tidal constraints on the interior of Venus},
  author={Dumoulin, Caroline and Tobie, Gabriel and Verhoeven, Olivier and Rosenblatt, Pascal and Rambaux, Nicolas},
  journal={Journal of Geophysical Research: Planets},
  volume={122},
  number={6},
  pages={1338--1352},
  year={2017},
  publisher={Wiley Online Library}
}

@article{moore2007stellar,
  title={Stellar ablation of planetary atmospheres},
  author={Moore, Thomas E and Horwitz, JL},
  journal={Reviews of Geophysics},
  volume={45},
  number={3},
  year={2007},
  publisher={Wiley Online Library}
}

@article{strangeway2010does,
  title={Does a planetary-scale magnetic field enhance or inhibit ionospheric plasma outflows?},
  author={Strangeway, RJ and Russell, CT and Luhmann, JG and Moore, TE and Foster, JC and Barabash, SV and Nilsson, H},
  journal={AGUFM},
  volume={2010},
  pages={SM33B--1893},
  year={2010}
}

@article{brain2013planetary,
  title={Planetary magnetic fields and climate evolution},
  author={Brain, DA and Leblanc, Fran{\c{c}}ois and Luhmann, JG and Moore, Thomas E and Tian, Feng},
  journal={cctp},
  pages={487},
  year={2013}
}

@article{huguet2018earth,
  title={Earth's inner core nucleation paradox},
  author={Huguet, Ludovic and Van Orman, James A and Hauck II, Steven A and Willard, Matthew A},
  journal={Earth and Planetary Science Letters},
  volume={487},
  pages={9--20},
  year={2018},
  publisher={Elsevier}
}

@article{lay2008core,
  title={Core--mantle boundary heat flow},
  author={Lay, Thorne and Hernlund, John and Buffett, Bruce A},
  journal={Nature geoscience},
  volume={1},
  number={1},
  pages={25},
  year={2008},
  publisher={Nature Publishing Group}
}

@article{stamenkovic2014tectonic,
  title={The tectonic mode of rocky planets: Part 1--Driving factors, models \& parameters},
  author={Stamenkovi{\'c}, Vlada and Breuer, Doris},
  journal={Icarus},
  volume={234},
  pages={174--193},
  year={2014},
  publisher={Elsevier}
}

@article{stamenkovic2012influence,
  title={The influence of pressure-dependent viscosity on the thermal evolution of super-Earths},
  author={Stamenkovi{\'c}, Vlada and Noack, Lena and Breuer, Doris and Spohn, Tilman},
  journal={The Astrophysical Journal},
  volume={748},
  number={1},
  pages={41},
  year={2012},
  publisher={IOP Publishing}
}

@article{stein2004effect,
  title={The effect of rheological parameters on plate behaviour in a self-consistent model of mantle convection},
  author={Stein, Claudia and Schmalzl, J{\"o}rg and Hansen, Ulrich},
  journal={Physics of the Earth and Planetary Interiors},
  volume={142},
  number={3-4},
  pages={225--255},
  year={2004},
  publisher={Elsevier}
}

@article{ONEILL201680,
  title={A window for plate tectonics in terrestrial planet evolution?},
  author={O’Neill, Craig and Lenardic, Adrian and Weller, Matthew and Moresi, Louis and Quenette, Steve and Zhang, Siqi},
  journal={Physics of the Earth and Planetary Interiors},
  volume={255},
  pages={80--92},
  year={2016},
  publisher={Elsevier}
}

@article{nakajima2015melting,
  title={Melting and mixing states of the Earth's mantle after the Moon-forming impact},
  author={Nakajima, Miki and Stevenson, David J},
  journal={Earth and Planetary Science Letters},
  volume={427},
  pages={286--295},
  year={2015},
  publisher={Elsevier}
}

@article{abe1997thermal,
  title={Thermal and chemical evolution of the terrestrial magma ocean},
  author={Abe, Yutaka},
  journal={Physics of the Earth and Planetary Interiors},
  volume={100},
  number={1-4},
  pages={27--39},
  year={1997},
  publisher={Elsevier}
}

@article{canup2004dynamics,
  title={Dynamics of lunar formation},
  author={Canup, Robin M},
  journal={Annu. Rev. Astron. Astrophys.},
  volume={42},
  pages={441--475},
  year={2004},
  publisher={Annual Reviews}
}

@article{andrault2011solidus,
  title={Solidus and liquidus profiles of chondritic mantle: Implication for melting of the Earth across its history},
  author={Andrault, Denis and Bolfan-Casanova, Nathalie and Nigro, Giacomo Lo and Bouhifd, Mohamed A and Garbarino, Gaston and Mezouar, Mohamed},
  journal={Earth and planetary science letters},
  volume={304},
  number={1-2},
  pages={251--259},
  year={2011},
  publisher={Elsevier}
}

@article{monteux2016cooling,
  title={On the cooling of a deep terrestrial magma ocean},
  author={Monteux, J and Andrault, Denis and Samuel, H},
  journal={Earth and Planetary Science Letters},
  volume={448},
  pages={140--149},
  year={2016},
  publisher={Elsevier}
}

@article{labrosse2007crystallizing,
  title={A crystallizing dense magma ocean at the base of the Earth’s mantle},
  author={Labrosse, St{\'e}phane and Hernlund, JW and Coltice, Nicolas},
  journal={Nature},
  volume={450},
  number={7171},
  pages={866--869},
  year={2007},
  publisher={Nature Publishing Group}
}

@article{nomura2011spin,
  title={Spin crossover and iron-rich silicate melt in the Earth’s deep mantle},
  author={Nomura, Ryuichi and Ozawa, Haruka and Tateno, Shigehiko and Hirose, Kei and Hernlund, John and Muto, Shunsuke and Ishii, Hirofumi and Hiraoka, Nozomu},
  journal={Nature},
  volume={473},
  number={7346},
  pages={199--202},
  year={2011},
  publisher={Nature Publishing Group}
}

@article{stixrude2009thermodynamics,
  title={Thermodynamics of silicate liquids in the deep Earth},
  author={Stixrude, Lars and de Koker, Nico and Sun, Ni and Mookherjee, Mainak and Karki, Bijaya B},
  journal={Earth and Planetary Science Letters},
  volume={278},
  number={3-4},
  pages={226--232},
  year={2009},
  publisher={Elsevier}
}

@article{badro_core_2015,
title={Core formation and core composition from coupled geochemical and geophysical constraints},
author={Badro, James and Brodholt, John P and Piet, H{\'e}l{\`e}ne and Siebert, Julien and Ryerson, Frederick J},
journal={Proceedings of the National Academy of Sciences},
volume={112},
  number={40},
  pages={12310--12314},
  year={2015},
  publisher={National Acad Sciences}
}

@article{heimpel2005numerical,
  title={A numerical study of dynamo action as a function of spherical shell geometry},
  author={Heimpel, MH and Aurnou, JM and Al-Shamali, FM and Perez, N Gomez},
  journal={Earth and Planetary Science Letters},
  volume={236},
  number={1-2},
  pages={542--557},
  year={2005},
  publisher={Elsevier}
}

@article{stanley2007using,
  title={Using reversed magnetic flux spots to determine a planet's inner core size},
  author={Stanley, S and Zuber, MT and Bloxham, J},
  journal={Geophysical research letters},
  volume={34},
  number={19},
  year={2007},
  publisher={Wiley Online Library}
}

@article{takahashi2006dipolar,
  title={Dipolar and non-dipolar dynamos in a thin shell geometry with implications for the magnetic field of Mercury},
  author={Takahashi, Futoshi and Matsushima, Masaki},
  journal={Geophysical research letters},
  volume={33},
  number={10},
  year={2006},
  publisher={Wiley Online Library}
}

@article{wong2018boussinesq,
  title={A Boussinesq slurry model of the F-layer at the base of Earth’s outer core},
  author={Wong, Jenny and Davies, Christopher J and Jones, Chris A},
  journal={Geophysical Journal International},
  volume={214},
  number={3},
  pages={2236--2249},
  year={2018},
  publisher={Oxford University Press}
}

@article{ruckriemen2018top,
  title={Top-down freezing in a Fe--FeS core and Ganymede’s present-day magnetic field},
  author={R{\"u}ckriemen, Tina and Breuer, Doris and Spohn, Tilman},
  journal={Icarus},
  volume={307},
  pages={172--196},
  year={2018},
  publisher={Elsevier}
}

@article{hauck2006sulfur,
  title={Sulfur's impact on core evolution and magnetic field generation on Ganymede},
  author={Hauck, Steven A and Aurnou, Jonathan M and Dombard, Andrew J},
  journal={Journal of Geophysical Research: Planets},
  volume={111},
  number={E9},
  year={2006},
  publisher={Wiley Online Library}
}

@article{hernlund2008modeling,
  title={Modeling mantle convection in the spherical annulus},
  author={Hernlund, John W and Tackley, Paul J},
  journal={Physics of the Earth and Planetary Interiors},
  volume={171},
  number={1-4},
  pages={48--54},
  year={2008},
  publisher={Elsevier}
}

@article{gomi2013high,
  title={The high conductivity of iron and thermal evolution of the Earth’s core},
  author={Gomi, Hitoshi and Ohta, Kenji and Hirose, Kei and Labrosse, Stephane and Caracas, Razvan and Verstraete, Matthieu J and Hernlund, John W},
  journal={Physics of the Earth and Planetary Interiors},
  volume={224},
  pages={88--103},
  year={2013},
  publisher={Elsevier}
}

@article{konopkova2016direct,
  title={Direct measurement of thermal conductivity in solid iron at planetary core conditions},
  author={Kon{\^o}pkov{\'a}, Zuzana and McWilliams, R Stewart and G{\'o}mez-P{\'e}rez, Natalia and Goncharov, Alexander F},
  journal={Nature},
  volume={534},
  number={7605},
  pages={99--101},
  year={2016},
  publisher={Nature Publishing Group}
}

@article{labrosse2001age,
  title={The age of the inner core},
  author={Labrosse, Stephane and Poirier, Jean-Paul and Le Mou{\"e}l, Jean-Louis},
  journal={Earth and Planetary Science Letters},
  volume={190},
  number={3-4},
  pages={111--123},
  year={2001},
  publisher={Elsevier}
}

@article{wood2006accretion,
  title={Accretion of the Earth and segregation of its core},
  author={Wood, Bernard J and Walter, Michael J and Wade, Jonathan},
  journal={Nature},
  volume={441},
  number={7095},
  pages={825--833},
  year={2006},
  publisher={Nature Publishing Group}
}

@article{rubie2011heterogeneous,
  title={Heterogeneous accretion, composition and core--mantle differentiation of the Earth},
  author={Rubie, David C and Frost, Daniel J and Mann, Ute and Asahara, Yuki and Nimmo, Francis and Tsuno, Kyusei and Kegler, Philip and Holzheid, Astrid and Palme, Herbert},
  journal={Earth and Planetary Science Letters},
  volume={301},
  number={1-2},
  pages={31--42},
  year={2011},
  publisher={Elsevier}
}

@article{siebert2013terrestrial,
  title={Terrestrial accretion under oxidizing conditions},
  author={Siebert, Julien and Badro, James and Antonangeli, Daniele and Ryerson, Frederick J},
  journal={Science},
  volume={339},
  number={6124},
  pages={1194--1197},
  year={2013},
  publisher={American Association for the Advancement of Science}
}

@article{Hunter:2007,
  Author    = {Hunter, J. D.},
  Title     = {Matplotlib: A 2D graphics environment},
  Journal   = {Computing in Science \& Engineering},
  Volume    = {9},
  Number    = {3},
  Pages     = {90--95},
  abstract  = {Matplotlib is a 2D graphics package used for Python for
  application development, interactive scripting, and publication-quality
  image generation across user interfaces and operating systems.},
  publisher = {IEEE COMPUTER SOC},
  doi       = {10.1109/MCSE.2007.55},
  year      = 2007
}

@article{gubbins1977energetics,
  title={Energetics of the Earth's core},
  author={Gubbins, D},
  journal={Journal of Geophysics-Zeitschrift f r Geophysik},
  volume={43},
  number={1},
  pages={453--464},
  year={1977}
}

@article{braginsky1995equations,
  title={Equations governing convection in Earth's core and the geodynamo},
  author={Braginsky, SI and Roberts, Paul H},
  journal={Geophysical \& Astrophysical Fluid Dynamics},
  volume={79},
  number={1-4},
  pages={1--97},
  year={1995},
  publisher={Taylor \& Francis}
}

@article{lister1995strength,
  title={The strength and efficiency of thermal and compositional convection in the geodynamo},
  author={Lister, John R and Buffett, Bruce A},
  journal={Physics of the Earth and Planetary Interiors},
  volume={91},
  number={1-3},
  pages={17--30},
  year={1995},
  publisher={Elsevier}
}

@article{nimmo2007energetics,
  title={Energetics of the core},
  author={Nimmo, Francis},
  journal={Treatise on geophysics},
  volume={8},
  pages={31--65},
  year={2007},
  publisher={Elsevier Amsterdam}
}

@article{gardner2006james,
  title={The james webb space telescope},
  author={Gardner, Jonathan P and Mather, John C and Clampin, Mark and Doyon, Rene and Greenhouse, Matthew A and Hammel, Heidi B and Hutchings, John B and Jakobsen, Peter and Lilly, Simon J and Long, Knox S and others},
  journal={Space Science Reviews},
  volume={123},
  number={4},
  pages={485--606},
  year={2006},
  publisher={Springer}
}

@article{spergel2015wide,
  title={Wide-field infrarred survey telescope-astrophysics focused telescope assets WFIRST-AFTA 2015 report},
  author={Spergel, D and Gehrels, N and Baltay, C and Bennett, D and Breckinridge, J and Donahue, M and Dressler, A and Gaudi, BS and Greene, T and Guyon, O and others},
  journal={arXiv preprint arXiv:1503.03757},
  year={2015}
}

@article{lopez2011magnetic,
  title={Magnetic Fields in Earth-like Exoplanets and Implications for Habitability around M-dwarfs},
  author={L{\'o}pez-Morales, Mercedes and G{\'o}mez-P{\'e}rez, Natalia and Ruedas, Thomas},
  journal={Origins of Life and Evolution of Biospheres},
  volume={41},
  number={6},
  pages={533--537},
  year={2011},
  publisher={Springer}
}

@article{mcintyre2019planetary,
  title={Planetary magnetism as a parameter in exoplanet habitability},
  author={McIntyre, Sarah RN and Lineweaver, Charles H and Ireland, Michael J},
  journal={Monthly Notices of the Royal Astronomical Society},
  volume={485},
  number={3},
  pages={3999--4012},
  year={2019},
  publisher={Oxford University Press}
}

@article{heimpel2005simulation,
  title={Simulation of equatorial and high-latitude jets on Jupiter in a deep convection model},
  author={Heimpel, Moritz and Aurnou, Jonathan and Wicht, Johannes},
  journal={Nature},
  volume={438},
  number={7065},
  pages={193--196},
  year={2005},
  publisher={Nature Publishing Group}
}

@article{aitta2018interior,
  title={Interior structure of Mars and other rock-and-iron planetary bodies},
  author={Aitta, A},
  journal={arXiv preprint arXiv:1811.09198},
  year={2018}
}

@article{wohlers2017uranium,
  title={Uranium, thorium and REE partitioning into sulfide liquids: Implications for reduced S-rich bodies},
  author={Wohlers, Anke and Wood, Bernard J},
  journal={Geochimica et Cosmochimica Acta},
  volume={205},
  pages={226--244},
  year={2017},
  publisher={Elsevier}
}

@article{elkins2008coreless,
  title={Coreless terrestrial exoplanets},
  author={Elkins-Tanton, Linda T and Seager, Sara},
  journal={The Astrophysical Journal},
  volume={688},
  number={1},
  pages={628},
  year={2008},
  publisher={IOP Publishing}
}

@article{bitsch2020influence,
  title={Influence of sub-and super-solar metallicities on the composition of solid planetary building blocks},
  author={Bitsch, Bertram and Battistini, Chiara},
  journal={Astronomy \& Astrophysics},
  volume={633},
  pages={A10},
  year={2020},
  publisher={EDP Sciences}
}

@article{kuchner2005extrasolar,
  title={Extrasolar carbon planets},
  author={Kuchner, Marc J and Seager, Sara},
  journal={arXiv preprint astro-ph/0504214},
  year={2005}
}

@article{dorn2019new,
  title={A new class of Super-Earths formed from high-temperature condensates: HD219134 b, 55 Cnc e, WASP-47 e},
  author={Dorn, Caroline and Harrison, John HD and Bonsor, Amy and Hands, Tom O},
  journal={Monthly Notices of the Royal Astronomical Society},
  volume={484},
  number={1},
  pages={712--727},
  year={2019},
  publisher={Oxford University Press}
}

@article{roberts2015theory,
  title={Theory of the geodynamo},
  author={Roberts, PH},
  journal={Core Dynamics},
  pages={67--105},
  year={2015}
}

@article{ballmer2017reconciling,
  title={Reconciling magma-ocean crystallization models with the present-day structure of the Earth's mantle},
  author={Ballmer, Maxim D and Louren{\c{c}}o, Diogo L and Hirose, Kei and Caracas, Razvan and Nomura, Ryuichi},
  journal={Geochemistry, Geophysics, Geosystems},
  volume={18},
  number={7},
  pages={2785--2806},
  year={2017},
  publisher={Wiley Online Library}
}

@article{maurice2017onset,
  title={Onset of solid-state mantle convection and mixing during magma ocean solidification},
  author={Maurice, Maxime and Tosi, Nicola and Samuel, Henri and Plesa, Ana-Catalina and H{\"u}ttig, Christian and Breuer, Doris},
  journal={Journal of Geophysical Research: Planets},
  volume={122},
  number={3},
  pages={577--598},
  year={2017},
  publisher={Wiley Online Library}
}

@article{koper2004observations,
  title={Observations of PKiKP/PcP amplitude ratios and implications for Earth structure at the boundaries of the liquid core},
  author={Koper, Keith D and Pyle, Moira L},
  journal={Journal of Geophysical Research: Solid Earth},
  volume={109},
  number={B3},
  year={2004},
  publisher={Wiley Online Library}
}

@article{tkalvcic2009inner,
  title={On the inner—outer core density contrast from PKiKP/PcP amplitude ratios and uncertainties caused by seismic noise},
  author={Tkal{\v{c}}i{\'c}, Hrvoje and Kennett, Brian LN and Cormier, Vernon F},
  journal={Geophysical Journal International},
  volume={179},
  number={1},
  pages={425--443},
  year={2009},
  publisher={Blackwell Publishing Ltd Oxford, UK}
}

@article{masters2003resolution,
  title={On the resolution of density within the Earth},
  author={Masters, Guy and Gubbins, David},
  journal={Physics of the Earth and Planetary Interiors},
  volume={140},
  number={1-3},
  pages={159--167},
  year={2003},
  publisher={Elsevier}
}

@article{safonova2016age,
  title={Age aspects of habitability},
  author={Safonova, M and Murthy, J and Shchekinov, Yu A},
  journal={International Journal of Astrobiology},
  volume={15},
  number={2},
  pages={93--105},
  year={2016},
  publisher={Cambridge University Press}
}

@article{frank2014radiogenic,
  title={A radiogenic heating evolution model for cosmochemically Earth-like exoplanets},
  author={Frank, Elizabeth A and Meyer, Bradley S and Mojzsis, Stephen J},
  journal={Icarus},
  volume={243},
  pages={274--286},
  year={2014},
  publisher={Elsevier}
}

@article{bouchet2013ab,
  title={Ab initio equation of state of iron up to 1500 GPa},
  author={Bouchet, J and Mazevet, S and Morard, Guillaume and Guyot, F and Musella, R},
  journal={Physical Review B},
  volume={87},
  number={9},
  pages={094102},
  year={2013},
  publisher={APS}
}

@article{stixrude2011thermodynamics,
  title={Thermodynamics of mantle minerals-II. Phase equilibria},
  author={Stixrude, Lars and Lithgow-Bertelloni, Carolina},
  journal={Geophysical Journal International},
  volume={184},
  number={3},
  pages={1180--1213},
  year={2011},
  publisher={Blackwell Publishing Ltd Oxford, UK}
}

@article{hakim2018new,
  title={A new ab initio equation of state of hcp-Fe and its implication on the interior structure and mass-radius relations of rocky super-Earths},
  author={Hakim, Kaustubh and Rivoldini, Attilio and Van Hoolst, Tim and Cottenier, Stefaan and Jaeken, Jan and Chust, Thomas and Steinle-Neumann, Gerd},
  journal={Icarus},
  volume={313},
  pages={61--78},
  year={2018},
  publisher={Elsevier}
}

@article{crameri2018scientific,
  title={Scientific colour-maps},
  author={Crameri, Fabio},
  journal={Zenodo},
  doi = {10.5281/zenodo.3596401},
  volume={10},
  year={2018}
}

@article{poirier1994light,
  title={Light elements in the Earth's outer core: a critical review},
  author={Poirier, Jean-Paul},
  journal={Physics of the earth and planetary interiors},
  volume={85},
  number={3-4},
  pages={319--337},
  year={1994},
  publisher={Elsevier}
}

@article{morard2008situ,
  title={In situ determination of Fe--Fe3S phase diagram and liquid structural properties up to 65 GPa},
  author={Morard, Guillaume and Andrault, Denis and Guignot, Nicolas and Sanloup, C and Mezouar, M and Petitgirard, S and Fiquet, G},
  journal={Earth and Planetary Science Letters},
  volume={272},
  number={3-4},
  pages={620--626},
  year={2008},
  publisher={Elsevier}
}

@article{kuwayama2004phase,
  title={Phase relations in the system Fe-FeSi at 21 GPa},
  author={Kuwayama, Yasuhiro and Hirose, Kei},
  journal={American Mineralogist},
  volume={89},
  number={2-3},
  pages={273--276},
  year={2004},
  publisher={Mineralogical Society of America}
}

@article{seagle2008melting,
  title={Melting and thermal expansion in the Fe--FeO system at high pressure},
  author={Seagle, CT and Heinz, DL and Campbell, AJ and Prakapenka, VB and Wanless, ST},
  journal={Earth and Planetary Science Letters},
  volume={265},
  number={3-4},
  pages={655--665},
  year={2008},
  publisher={Elsevier}
}

@article{farrell1999possibility,
  title={On the possibility of coherent cyclotron emission from extrasolar planets},
  author={Farrell, WM and Desch, MD and Zarka, P},
  journal={Journal of Geophysical Research: Planets},
  volume={104},
  number={E6},
  pages={14025--14032},
  year={1999},
  publisher={Wiley Online Library}
}

@article{llama2011shocking,
  title={The shocking transit of WASP-12b: modelling the observed early ingress in the near-ultraviolet},
  author={Llama, Joe and Wood, Kenny and Jardine, M and Vidotto, AA and Helling, Ch and Fossati, L and Haswell, CA},
  journal={Monthly Notices of the Royal Astronomical Society: Letters},
  volume={416},
  number={1},
  pages={L41--L44},
  year={2011},
  publisher={The Royal Astronomical Society}
}

@article{fossati2010metals,
  title={Metals in the exosphere of the highly irradiated planet WASP-12b},
  author={Fossati, L and Haswell, CA and Froning, CS and Hebb, L and Holmes, S and Kolb, U and Helling, Ch and Carter, A and Wheatley, P and Cameron, A Collier and others},
  journal={The Astrophysical Journal Letters},
  volume={714},
  number={2},
  pages={L222},
  year={2010},
  publisher={IOP Publishing}
}

@article{withers2017occultations,
  title={Occultations of astrophysical radio sources as probes of planetary environments: A case study of Jupiter and possible applications to exoplanets},
  author={Withers, Paul and Vogt, Marissa F},
  journal={arXiv preprint arXiv:1702.07075},
  year={2017}
}

@article{kassim2004low,
  title={The low-frequency array (LOFAR): opening a new window on the universe},
  author={Kassim, NE and Lazio, TJW and Ray, PS and Crane, PC and Hicks, BC and Stewart, KP and Cohen, AS and Lane, WM},
  journal={Planetary and Space Science},
  volume={52},
  number={15},
  pages={1343--1349},
  year={2004},
  publisher={Elsevier}
}

@article{noack2014can,
  title={Can the interior structure influence the habitability of a rocky planet?},
  author={Noack, Lena and Godolt, Mareike and von Paris, P and Plesa, A-C and Stracke, B and Breuer, D and Rauer, H},
  journal={Planetary and Space Science},
  volume={98},
  pages={14--29},
  year={2014},
  publisher={Elsevier}
}

@article{schneider2011defining,
  title={Defining and cataloging exoplanets: the exoplanet. eu database},
  author={Schneider, Jean and Dedieu, Cyrill and Le Sidaner, Pierre and Savalle, Renaud and Zolotukhin, Ivan},
  journal={Astronomy \& Astrophysics},
  volume={532},
  pages={A79},
  year={2011},
  publisher={EDP Sciences}
}

@article{akeson2013nasa,
  title={The NASA exoplanet archive: data and tools for exoplanet research},
  author={Akeson, RL and Chen, X and Ciardi, D and Crane, M and Good, J and Harbut, M and Jackson, E and Kane, SR and Laity, AC and Leifer, S and others},
  journal={Publications of the Astronomical Society of the Pacific},
  volume={125},
  number={930},
  pages={989},
  year={2013},
  publisher={IOP Publishing}
}

@article{mcdonough1995composition,
  title={The composition of the Earth},
  author={McDonough, William F and Sun, S-S},
  journal={Chemical geology},
  volume={120},
  number={3-4},
  pages={223--253},
  year={1995},
  publisher={Elsevier}
}

@article{boujibar2020super,
  title={Super-Earth Internal Structures and Initial Thermal States},
  author={Boujibar, A and Driscoll, P and Fei, Y},
  journal={Journal of Geophysical Research: Planets},
  volume={125},
  number={5},
  pages={e2019JE006124},
  year={2020},
  publisher={Wiley Online Library}
}

@article{bond2010compositional,
  title={The compositional diversity of extrasolar terrestrial planets. I. In situ simulations},
  author={Bond, Jade C and O'Brien, David P and Lauretta, Dante S},
  journal={The Astrophysical Journal},
  volume={715},
  number={2},
  pages={1050},
  year={2010},
  publisher={IOP Publishing}
}

@article{moriarty2014chemistry,
  title={Chemistry in an evolving protoplanetary disk: effects on terrestrial planet composition},
  author={Moriarty, John and Madhusudhan, Nikku and Fischer, Debra},
  journal={The Astrophysical Journal},
  volume={787},
  number={1},
  pages={81},
  year={2014},
  publisher={IOP Publishing}
}

@article{lopez2014understanding,
  title={Understanding the mass-radius relation for sub-Neptunes: radius as a proxy for composition},
  author={Lopez, Eric D and Fortney, Jonathan J},
  journal={The Astrophysical Journal},
  volume={792},
  number={1},
  pages={1},
  year={2014},
  publisher={IOP Publishing}
}

@article{weiss2014mass,
  title={The mass-radius relation for 65 exoplanets smaller than 4 Earth radii},
  author={Weiss, Lauren M and Marcy, Geoffrey W},
  journal={The Astrophysical Journal Letters},
  volume={783},
  number={1},
  pages={L6},
  year={2014},
  publisher={IOP Publishing}
}

@article{tarduno2010geodynamo,
  title={Geodynamo, solar wind, and magnetopause 3.4 to 3.45 billion years ago},
  author={Tarduno, John A and Cottrell, Rory D and Watkeys, Michael K and Hofmann, Axel and Doubrovine, Pavel V and Mamajek, Eric E and Liu, Dunji and Sibeck, David G and Neukirch, Levi P and Usui, Yoichi},
  journal={science},
  volume={327},
  number={5970},
  pages={1238--1240},
  year={2010},
  publisher={American Association for the Advancement of Science}
}

@article{pozzo2012thermal,
  title={Thermal and electrical conductivity of iron at Earth’s core conditions},
  author={Pozzo, Monica and Davies, Chris and Gubbins, David and Alfe, Dario},
  journal={Nature},
  volume={485},
  number={7398},
  pages={355--358},
  year={2012},
  publisher={Nature Publishing Group}
}

@article{hirose2017crystallization,
  title={Crystallization of silicon dioxide and compositional evolution of the Earth’s core},
  author={Hirose, Kei and Morard, Guillaume and Sinmyo, Ryosuke and Umemoto, Koichio and Hernlund, John and Helffrich, George and Labrosse, St{\'e}phane},
  journal={Nature},
  volume={543},
  number={7643},
  pages={99--102},
  year={2017},
  publisher={Nature Publishing Group}
}

@article{o2016powering,
  title={Powering Earth’s dynamo with magnesium precipitation from the core},
  author={O’Rourke, Joseph G and Stevenson, David J},
  journal={Nature},
  volume={529},
  number={7586},
  pages={387--389},
  year={2016},
  publisher={Nature Publishing Group}
}

@article{hamano2013emergence,
  title={Emergence of two types of terrestrial planet on solidification of magma ocean},
  author={Hamano, Keiko and Abe, Yutaka and Genda, Hidenori},
  journal={Nature},
  volume={497},
  number={7451},
  pages={607--610},
  year={2013},
  publisher={Nature Publishing Group}
}

@article{del2020inner,
  title={The Inner Solar System’s Habitability Through Time},
  author={Del Genio, Anthony D and Brain, David and Noack, Lena and Schaefer, Laura},
  journal={Planetary Astrobiology},
  pages={419},
  year={2020},
  publisher={University of Arizona Press}
}

@article{christensen2006scaling,
  title={Scaling properties of convection-driven dynamos in rotating spherical shells and application to planetary magnetic fields},
  author={Christensen, Ulrich R and Aubert, Julien},
  journal={Geophysical Journal International},
  volume={166},
  number={1},
  pages={97--114},
  year={2006},
  publisher={Blackwell Publishing Ltd Oxford, UK}
}

@article{aubert2009modelling,
  title={Modelling the palaeo-evolution of the geodynamo},
  author={Aubert, Julien and Labrosse, St{\'e}phane and Poitou, Charles},
  journal={Geophysical Journal International},
  volume={179},
  number={3},
  pages={1414--1428},
  year={2009},
  publisher={Blackwell Publishing Ltd Oxford, UK}
}